<?xml version='1.0' encoding='utf-8'?>
<record xmlns="http://www.loc.gov/MARC21/slim" xmlns:xsi="http://www.w3.org/2001/XMLSchema-instance">
  <leader>^^^^^njm^a2200265^a^4500</leader>
  <controlfield tag="001">003799695</controlfield>
  <controlfield tag="005">20021209000000.0</controlfield>
  <controlfield tag="007">sd^fsngnn---uu</controlfield>
  <controlfield tag="008">021209s2002^^^^ilu^^n^^^^^^^^^^^^^^eng^d</controlfield>
  <datafield tag="028" ind1="0" ind2="2">
    <subfield code="a">DEP-026</subfield>
    <subfield code="b">Depot Recordings.</subfield>
  </datafield>
  <datafield tag="035" ind1=" " ind2=" ">
    <subfield code="a">(OCoLC)ocm51166540</subfield>
  </datafield>
  <datafield tag="040" ind1=" " ind2=" ">
    <subfield code="a">BEU</subfield>
    <subfield code="c">BEU</subfield>
  </datafield>
  <datafield tag="100" ind1="1" ind2=" ">
    <subfield code="a">Murdock, Lee.</subfield>
    <subfield code="4">prf</subfield>
  </datafield>
  <datafield tag="245" ind1="1" ind2="0">
    <subfield code="a">Standing at the wheel</subfield>
    <subfield code="h">[sound recording] /</subfield>
    <subfield code="c">Lee Murdock.</subfield>
  </datafield>
  <datafield tag="260" ind1=" " ind2=" ">
    <subfield code="a">Kaneville, IL :</subfield>
    <subfield code="b">Depot Recordings,</subfield>
    <subfield code="c">p2002.</subfield>
  </datafield>
  <datafield tag="300" ind1=" " ind2=" ">
    <subfield code="a">1 sound disc (59:15 min.) :</subfield>
    <subfield code="b">digital, stereo. ;</subfield>
    <subfield code="c">4 3/4 in. +</subfield>
    <subfield code="e">1 pamphlet ([20] p. ; 12 cm.)</subfield>
  </datafield>
  <datafield tag="505" ind1="0" ind2=" ">
    <subfield code="a">Let the light from the lighthouse shine on me (4:49) -- Reuben Ranzo (2:00) -- Standing at the wheel (3:55) -- Drop the mitt (2:26) -- Sailing into history (6:24) -- The ballad of Seul Choix (4:29) -- Scrubber Murphy (4:06) -- In a handy four-master (1:59) -- Marquette range (3:44) -- A trip on the Lavindy (3:20) -- Regatta (6:45) -- Raise the pipes in glory (5:08) -- Rolling home (3:54) -- The men and the old-school craft (5:29)</subfield>
  </datafield>
  <datafield tag="500" ind1=" " ind2=" ">
    <subfield code="a">Compact disc.</subfield>
  </datafield>
  <datafield tag="650" ind1=" " ind2="0">
    <subfield code="a">Folk music</subfield>
    <subfield code="z">United States.</subfield>
  </datafield>
  <datafield tag="650" ind1=" " ind2="0">
    <subfield code="a">Folk songs</subfield>
    <subfield code="z">United States.</subfield>
  </datafield>
  <datafield tag="651" ind1=" " ind2="0">
    <subfield code="a">Great Lakes Region (North America)</subfield>
    <subfield code="v">Songs and music.</subfield>
  </datafield>
  <datafield tag="852" ind1="8" ind2=" ">
    <subfield code="a">MiU-H</subfield>
    <subfield code="b">BENT</subfield>
    <subfield code="h">02159 Aa 2</subfield>
  </datafield>
  <datafield tag="998" ind1=" " ind2=" ">
    <subfield code="c">LAC</subfield>
  </datafield>
  <datafield tag="955" ind1=" " ind2=" ">
    <subfield code="b">BENT</subfield>
    <subfield code="p">B1622928</subfield>
  </datafield>
</record>
